@article{jousten2023iso,
  title={ISO standards for vacuum metrology},
  author={Jousten, Karl},
  year={2023}
}
@book{o2023users,
  title={A users guide to vacuum technology},
  author={O'Hanlon, John F and Gessert, Timothy A},
  year={2023},
  publisher={John Wiley \& Sons}
}
@book{van1965vacuum,
  title={Vacuum science and engineering: properties of gases at low pressure; vacuum measurements; design and operating features of vacuum pumps and systems},
  author={Van Atta, Chester Murray},
  year={1965}
}
@book{kondepudi2014modern,
  title={Modern thermodynamics: from heat engines to dissipative structures},
  author={Kondepudi, Dilip and Prigogine, Ilya},
  year={2014},
  publisher={John wiley \& sons}
}
@book{ccengel2019termodinamica,
  title={Termodin{\'a}mica},
  author={{\c{C}}engel, Yunus A and others},
  year={2019},
  publisher={Biblioteca Hern{\'a}n Malo Gonz{\'a}lez}
}
@misc{diagram,
    author    = {Cmglee},
    title     = {Phase diagram of water},
    year     = {2025},
    url = {https://es.m.wikipedia.org/wiki/Archivo:Phase_diagram_of_water.svg#filelinks}
}
@misc{pfeiffer2005sd,
  author       = {Pfeiffer Vacuum},
  title        = {Datasheet de la bomba de vac√≠o Alcatel 2005SD},
  year         = 2025,
  url          = {https://www.idealspectroscopy.com/NEW-Alcatel-Adixen-2005SD-2005-SD-Pascal-Dual-Stage\\-Rotary-Vane-Vacuum-Pump---1-phase-115/220VAC/pp/P102308},
  note         = {Accedido: 2025-05-11}
}